% Encoding: UTF-8
@article{Pegin2009,
	title={Влияние кратковременных внешних факторов на безопасность движения (на примере разговора по сотовому телефону при управлении транспортным средством)},
	author={Пегин, П А and Кудинов, И В and Скроботов, С А},
	journal={Дальний Восток. Автомобильные дороги и безопасность движения: Междунар. сб. науч. тр.},
	number={9},
	pages={201--205},
	year={2009},
	publisher={Тихоокеан. гос. ун-т},
	language = {russian}
}
@online{KrudorCam,
	ALTauthor = {Краевое государственное казённое учреждение <<Управление автомобильных дорог по Красноярскому краю>>},
	title = {В Красноярске началась тестовая эксплуатация новых камер фиксации нарушений правил дорожного движения},
	year = {2017},
	url = {http://krudor.ru/news/main/6025-v-krasnoyarske-nachalas-testovaya-ekspluatatsiya-novykh-kamer-fiksatsii-narusheniy-pravil-dorozhnogo},
	language = {russian}
}
@online{KrudorDTP,
	ALTauthor = {Краевое государственное казённое учреждение <<Управление автомобильных дорог по Красноярскому краю>>},
	title = {Рост общего количества ДТП на сети железных дорог составляет 38~\%},
	year = {2017},
	url = {http://krudor.ru/news/safetyrailway/6007-rost-obshchego-kolichestva-dtp-na-seti-zheleznykh-dorog-sostavlyaet-38-},
	language = {russian}
}
@online{PDD,
	ALTauthor = {ПДД 2017 РФ},
	title = {Правила дорожного движения Российской Федерации},
	year = {2017},
	url = {http://www.pdd24.com/},
	language = {russian}
}
@online{KoAP,
	ALTauthor = {Кодекс об Административных Правонарушениях РФ},
	title = {Кодекс Российской Федерации об административных правонарушениях},
	year = {2017},
	url = {http://www.kodap.ru/},
	language = {russian}
}